@article{pyrooz2011street,
  title={{From the Street to the Prison, from the Prison to the Street: Understanding and Responding to Prison Gangs}},
  author={Pyrooz, David and Decker, Scott and Fleisher, Mark},
  journal={Journal of Aggression, Conflict and Peace Research},
  volume={3},
  number={1},
  pages={12--24},
  year={2011},
  publisher={Emerald Group Publishing Limited}
}

@inproceedings{bony2015prison,
  title={{La Prison, une ``Cit{\'e} avec des Barreaux''? Continuum Socio-Spatial par-del{\`a} les Murs}},
  author={Bony, Lucie},
  booktitle={Annales de G{\'e}ographie},
  number={2},
  pages={275--299},
  year={2015},
  organization={Armand Colin/Dunod}
}

@article{lessing2014build,
  title={{How to Build a Criminal Empire from Behind Bars: Prison Gangs and Projection of Power}},
  author={Lessing, Benjamin},
  journal={IZA Conference Papers},
  year={2014}
}

@book{blatchford2008black,
  title={{The Black Hand: The Bloody Rise and Redemption of ``Boxer'' Enriquez, a Mexican Mob Killer}},
  author={Blatchford, Chris},
  year={2008},
  publisher={New York: Harper Collins}
}

@book{howell2015history,
  title={{The History of Street Gangs in the United States: Their Origins and Transformations}},
  author={Howell, James C},
  year={2015},
  publisher={Lanham: Lexington Books}
}

@book{skarbek2014social,
  title={{The Social Order of the Underworld: How Prison Gangs Govern the American Penal System}},
  author={Skarbek, David},
  year={2014},
  publisher={Oxford: Oxford University Press}
}

@article{fleisher2001overview,
  title={{An Overview of the Challenge of Prison Gangs}},
  author={Fleisher, Mark S and Decker, Scott H},
  journal={Corrections Management Quarterly},
  volume={5},
  pages={1--9},
  year={2001},
  publisher={ASPEN}
}

@book{camp1985prison,
  title={{Prison Gangs: Their Extent, Nature, and Impact on Prisons}},
  author={Camp, George M and Camp, Camille Graham},
  year={1985},
  publisher={Washington: US Department of Justice, Office of Legal Policy, Federal Justice Research Program}
}

@article{skarbek2011governance,
  title={{Governance and Prison Gangs}},
  author={Skarbek, David},
  journal={American Political Science Review},
  volume={105},
  number={04},
  pages={702--716},
  year={2011},
  publisher={Cambridge Univ Press}
}

@book{wells2002study,
  title={{A Study of Gangs and Security Threat Groups in America's Adult Prisons and Jails}},
  author={Wells, James B and Minor, Kevin I and Angel, Earl and Carter, Lisa and Cox, M},
  publisher={Indianapolis, IN: National Major Gang Task Force},
  year={2002}
}

@article{valdez2005mexican,
  title={{Mexican American Youth and Adult Prison Gangs in a Changing Heroin Market}},
  author={Valdez, Avelardo},
  journal={Journal of Drug Issues},
  volume={35},
  number={4},
  pages={843--867},
  year={2005},
  publisher={SAGE Publications}
}

@article{gaes2002influence,
  title={{The Influence of Prison Gang Affiliation on Violence and Other Prison Misconduct}},
  author={Gaes, Gerald G and Wallace, Susan and Gilman, Evan and Klein-Saffran, Jody and Suppa, Sharon},
  journal={The Prison Journal},
  volume={82},
  number={3},
  pages={359--385},
  year={2002},
  publisher={Sage Publications}
}

@article{ralph1991gang,
  title={{Gang Violence in Texas Prisons}},
  author={Ralph, Paige H and Marquart, James W},
  journal={The Prison Journal},
  volume={71},
  number={2},
  pages={38--49},
  year={1991},
  publisher={SAGE Publications}
}

@article{griffin2006effect,
  title={{The Effect of Gang Affiliation on Violent Misconduct among Inmates during the Early Years of Confinement}},
  author={Griffin, Marie L and Hepburn, John R},
  journal={Criminal Justice and Behavior},
  volume={33},
  number={4},
  pages={419--466},
  year={2006},
  publisher={Sage Publications}
}

@article{delisi2004gang,
  title={{Gang Members, Career Criminals and Prison Violence: Further Specification of the Importation Model of Inmate Behavior}},
  author={DeLisi, Matt and Berg, Mark T and Hochstetler, Andy},
  journal={Criminal Justice Studies},
  volume={17},
  number={4},
  pages={369--383},
  year={2004},
  publisher={Taylor \& Francis}
}

@article{cunningham2007predictive,
  title={{Predictive Factors for Violent Misconduct in Close Custody}},
  author={Cunningham, Mark D and Sorensen, Jon R},
  journal={The Prison Journal},
  volume={87},
  number={2},
  pages={241--253},
  year={2007},
  publisher={Sage Publications}
}

@article{reisig2002administrative,
  title={{Administrative Control and Inmate Homicide}},
  author={Reisig, Michael D},
  journal={Homicide Studies},
  volume={6},
  number={1},
  pages={84--103},
  year={2002},
  publisher={Sage Publications}
}

@article{shelden1991comparison,
  title={{A Comparison of Gang Members and Non-Gang Members in a Prison Setting}},
  author={Shelden, Randall G},
  journal={The Prison Journal},
  volume={71},
  number={2},
  pages={50--60},
  year={1991},
  publisher={SAGE Publications}
}

@article{wyatt2005male,
  title={{Male Rape in US Prisons: Are Conjugal Visits the Answer?}},
  author={Wyatt, Rachel},
  journal={Case Western Reserve Journal of International Law},
  volume={37},
  pages={579},
  year={2005},
  publisher={HeinOnline}
}

@article{carlson2001prison,
  title={{Prison Interventions: Evolving Strategies to Control Security Threat Groups}},
  author={Carlson, Peter M},
  journal={Corrections Management Quarterly},
  volume={5},
  pages={10--22},
  year={2001},
  publisher={ASPEN}
}

@article{huff1997managing,
  title={{Managing Prison Gangs and Other Security Threat Groups}},
  author={Huff, C Ronald and Meyer, Matthew},
  journal={Corrections Management Quarterly},
  volume={1},
  number={4},
  pages={10--18},
  year={1997}
}

@article{bergstrom1986private,
  title={{On the Private Provision of Public Goods}},
  author={Bergstrom, Theodore and Blume, Lawrence and Varian, Hal},
  journal={{Journal of Public Economics}},
  volume={29},
  number={1},
  pages={25--49},
  year={1986},
  publisher={Elsevier}
}

@book{olson1965logic,
  title={{The Logic of Collective Action: Public Goods and the Theory of Groups}},
  author={Olson, Mancur},
  year={1965},
  publisher={Cambridge, MA: Harvard University Press}
}

@book{ostrom1990governing,
  title={{Governing the Commons: The Evolution of Institutions for Collective Action}},
  author={Ostrom, Elinor},
  year={1990},
  publisher={Cambridge: Cambridge University Press}
}

@book{schepel2005constitution,
  title={{The Constitution of Private Governance: Product Standards in the Regulation of Integrating Markets}},
  author={Schepel, Harm},
  year={2005},
  publisher={Hart Publishing}
}

@article{helmke2003informal,
author={Helmke, Gretchen and Levitsky, Steven},
title={{Informal Institutions and Comparative Politics: A Research Agenda}},
journal={Perspectives on Politics},
year={2004},
volume = {2},
number = {4},
pages = {725--740},
}

@book{petersilia2006understanding,
  title={{Understanding California Corrections}},
  author={Petersilia, Joan},
  year={2006},
  publisher={Berkeley, CA: California Policy Research Center}
}

@article{winterdyk2010managing,
  title={{Managing Prison Gangs: Results From a survey of US Prison Systems}},
  author={Winterdyk, John and Ruddell, Rick},
  journal={Journal of Criminal Justice},
  volume={38},
  number={4},
  pages={730--736},
  year={2010},
  publisher={Elsevier}
}

@article{jackson2003warlords,
  title={{Warlords as Alternative Forms of Governance}},
  author={Jackson, Paul},
  journal={Small Wars and Insurgencies},
  volume={14},
  number={2},
  pages={131--150},
  year={2003},
}

@article{ostrom1992covenants,
  title={{Covenants With and Without a Sword: Self-governance Is Possible}},
  author={Ostrom, Elinor and Walker, James and Gardner, Roy},
  journal={American Political Science Review},
  volume={86},
  number={02},
  pages={404--417},
  year={1992},
  publisher={Cambridge Univ Press}
}

@article{skarbek2012prison,
  title={{Prison Gangs, Norms, and Organizations}},
  author={Skarbek, David},
  journal={Journal of Economic Behavior \& Organization},
  volume={82},
  number={1},
  pages={96--109},
  year={2012},
  publisher={Elsevier}
}

@article{leeson2010criminal,
  title={{Criminal Constitutions}},
  author={Leeson, Peter and Skarbek, David},
  journal={Global Crime},
  volume={11},
  number={3},
  pages={279--297},
  year={2010},
  publisher={Taylor \& Francis}
}

@article{skaperdas2001political,
  title={{The Political Economy of Organized Crime: Providing Protection when the State Does Not}},
  author={Skaperdas, Stergios},
  journal={Economics of Governance},
  volume={2},
  number={3},
  pages={173--202},
  year={2001},
  publisher={Springer}
}

@book{gambetta1996sicilian,
  title={{The Sicilian Mafia: The Business of Private Protection}},
  author={Gambetta, Diego},
  year={1996},
  publisher={Cambridge, MA: Harvard University Press}
}

@book{varese2011mafias,
  title={{Mafias on the Move: How Organized Crime Conquers New Territories}},
  author={Varese, Federico},
  year={2011},
  publisher={Princeton, NJ: Princeton University Press}
}

@article{useem2006prison,
  title={{Prison Buildup and Disorder}},
  author={Useem, Bert and Piehl, Anne M},
  journal={Punishment \& Society},
  volume={8},
  number={1},
  pages={87--115},
  year={2006},
  publisher={Sage Publications}
}

@article{kalinich1985contraband,
  title={{Contraband: The Basis for Legitimate Power in a Prison Social System}},
  author={Kalinich, David B and Stojkovic, Stan},
  journal={Criminal Justice and Behavior},
  volume={12},
  number={4},
  pages={435--451},
  year={1985},
  publisher={Sage Publications}
}

@book{gambetta2009codes,
  title={{Codes of the Underworld: How Criminals Communicate}},
  author={Gambetta, Diego},
  year={2009},
  publisher={Princeton, NJ: Princeton University Press}
}

@article{lankenau2001smoke,
  title={{Smoke'em if You Got'em: Cigarette Black Markets in US Prisons and Jails}},
  author={Lankenau, Stephen E},
  journal={The Prison Journal},
  volume={81},
  number={2},
  pages={142--161},
  year={2001},
  publisher={Sage Publications}
}

@book{williams1974convicts,
  title={{Convicts, Codes, and Contraband: The Prison Life of Men and Women}},
  author={Williams, Vergil L and Fish, Mary},
  year={1974},
  publisher={Cambridge, MA: Ballinger}
}

@book{kalinich1986power,
  title={{Power, Stability, and Contraband: The Inmate Economy}},
  author={Kalinich, David B},
  year={1986},
  publisher={Prospect Heights, IL: Waveland Press}
}

@book{davidson1974chicano,
  title={{Chicano Prisoners: The Key to San Quentin}},
  author={Davidson, R Theodore},
  year={1974},
  publisher={Prospect Heights, IL: Waveland Press.}
}

@article{skarbek2010self,
  title={{Self-Governance in San Pedro Prison}},
  author={Skarbek, David},
  journal={The Independent Review},
  volume={14},
  number={4},
  pages={569--585},
  year={2010},
  publisher={Independent Institute}
}

@article{biondi2008etica,
  title={{A {\'E}tica Evang{\'e}lica e o Esp{\'\i}rito do Crime}},
  author={Biondi, Karina},
  journal={Anais da 26{\textordfeminine} Reuni{\~a}o Brasileira de Antropologia},
  year={2008}
}

@misc{veja2013,
author = {Veja},
title = {{Investigação sobre Crime Organizado Denuncia 175 do PCC}},
howpublished = "\href{http://abr.ai/194hSBr}{http://abr.ai/194hSBr}",
note = {(Accessed on 03/27/2016)},
month = {November},
year = {2013},
}

@misc{cnmp2013,
author = {{Conselho Nacional do Ministério Público}},
title = {{A Visão do Ministério Público Brasileiro sobre o Sistema
 Prisional Brasileiro}},
howpublished = "\href{http://goo.gl/T2gAz3}{http://goo.gl/T2gAz3}",
note = {(Accessed on 03/29/2016)},
month = {November},
year = {2013},
}

@misc{vuilleumier2010latin,
  title={{Latin America: Prisons are an Ideal Breeding Ground for Tuberculosis}},
  author={Vuilleumier, Alain},
  howpublished = "\href{https://www.icrc.org/eng/resources/documents/interview/peru-interview-220310.htm}{https://www.icrc.org/eng/resources/documents/interview/peru-interview-220310.htm}",
  year={2010},
  note = {(Accessed on 03/30/2016)}
}

@article{cerbini2012sanpedro,
author={Cerbini,Francesca},
year={2012},
title={{Rituales para Hacer `Justicia'. Maldiciones, Invocaciones, Yatiris y Ofrendas para La Libertad en La Cárcel de San Pedro (La Paz, Bolivia)}},
journal={Revista Española de Antropología Americana},
volume={42},
number={2},
pages={489--514}
}

@misc{bbc2009carcel,
  title={{Dentro de una Cárcel Boliviana}},
  author={{BBC Mundo}},
  howpublished = "\href{http://www.bbc.co.uk/spanish/specials/1515_carcel_bolivia/index.shtml}{http://www.bbc.co.uk/spanish/specials/1515\_carcel\_bolivia/index.shtml}",
  year={2009},
  note = {(Accessed on 03/30/2016)}
}

@book{da2001quatrocentos,
  title={{Quatrocentos Contra Um: Uma Hist{\'o}ria do Comando Vermelho}},
  author={da Silva Lima, William},
  year={2001},
  publisher={São Paulo: Labortexto Editorial}
}

@book{amorim2003cv,
  title={{CV-PCC: a irmandade do crime}},
  author={Amorim, Carlos},
  year={2003},
  publisher={São Paulo: Editora Record}
}

@book{souza2007pcc,
  title={{PCC: A Fac{\c{c}}{\~a}o}},
  author={Souza, Fatima},
  year={2007},
  publisher={São Paulo: Editora Record}
}

@misc{gassaway2004san,
  title={{Inside San Prison}},
  author={Gassaway, David},
  howpublished = "\href{http://www.fluxfactory.org/otr/gassawaysanpedro.htm.}{http://www.fluxfactory.org/otr/gassawaysanpedro.htm.}",
  year={2004},
  note = {(Accessed on 03/30/2016)}
}

@MastersThesis{freire2014entering,
    author={Danilo Freire},
    title={{Entering the Underworld: Prison Gang Recruitment in S\~{a}o Paulo's Primeiro Comando da Capital}},
    school={The Graduate Institute of International and Development Studies},
    address={Geneva, Switzerland},
    year={2014},
}

@article{wolf2012mara,
  title={{Mara Salvatrucha: The Most Dangerous Street Gang in the Americas?}},
  author={Wolf, Sonja},
  journal={Latin American Politics and Society},
  volume={54},
  number={1},
  pages={65--99},
  year={2012},
  publisher={Wiley Online Library}
}

@book{cruz2006maras,
  title={{Maras y Pandillas en Centroam{\'e}rica}},
  author={Cruz, Jose Miguel},
  year={2006},
  publisher={San Salvador: Universidad Centroamericana}
}

@book{larsson2011svensk,
  title={{Svensk Maffia: En Kartl{\"a}ggning av de Kriminella G{\"a}ngen}},
  author={Larsson, Matti and Wierup, Lasse},
  year={2011},
  publisher={Stockholm: Norstedts}
}

@misc{BBC2010muslimgangs,
author = {{BBC News}},
title = {{Growing Fears over Muslim Prison `Gangs'}},
howpublished = "\href{http://news.bbc.co.uk/1/hi/uk/8558590.stm}{http://news.bbc.co.uk/1/hi/uk/8558590.stm}",
year = {2010},
note = {(Accessed on 03/27/2016)}
}

@misc{telegraph2014muslimgangs,
author = {{The Telegraph}},
title = {{`The Guards Don't Run the Prison, Islam Does': My Interview with a `Reformed' Tommy Robinson}},
howpublished = "\href{http://goo.gl/RvkYmk}{http://goo.gl/RvkYmk}",
year = {2014},
note = {(Accessed on 03/27/2016)}
}

@misc{guardian2008muslim,
author = {{The Guardian}},
title = {{Muslim Gangs `Are Taking Control of Prison'}},
howpublished = "\href{http://www.theguardian.com/society/2008/may/25/prisonsandprobation.ukcrime}{http://www.theguardian.com/society/2008/may/25/prisonsandprobation.ukcrime}",
year = {2008},
note = {(Accessed on 03/27/2016)}
}

@misc{hm2010muslim,
  title={{Muslim Prisoners' Experiences: A Thematic Review}},
  author={{HM Chief Inspector of Prisons}},
  year={2010},
  publisher={London: Her Majesty's Inspectorate of Prisons for England and Wales}
}

@article{liebling2004prisons,
  title={{Prisons and Their Moral Performance: A Study of Values, Quality, and Prison Life}},
  author={Liebling, Alison},
  year={2004}
}

@book{crewe2009prisoner,
  title={{The Prisoner Society: Power, Adaptation and Social Life in an English Prison}},
  author={Crewe, Ben},
  year={2009},
  publisher={Oxford: Oxford University Press}
}

@misc{liebling2011exploration,
  title={An Exploration of Staff--Prisoner Relationships at HMP Whitemoor: 12 Years On},
  author={Liebling, Alison and Arnold, Helen and Straub, Christina},
  publisher={Cambridge: Prisons Research Centre},
  year={2011}
}

@article{arrow1994methodological,
  title={{Methodological Individualism and Social Knowledge}},
  author={Arrow, Kenneth J},
  journal={The American Economic Review},
  volume={84},
  number={2},
  pages={1--9},
  year={1994},
  publisher={JSTOR}
}

@article{friedman1988contribution,
  title={{The Contribution of Rational Choice Theory to Macrosociological Research}},
  author={Debra Friedman and Michael Hechter},
  journal={Sociological Theory},
  volume={6},
  number={2},
  pages={201--218},
  year={1994},
  publisher={JSTOR}
}

@book{blaug1992methodology,
  title={{The Methodology of Economics: Or, How Economists Explain}},
  author={Blaug, Mark},
  year={1992},
  publisher={Cambridge: Cambridge University Press}
}

@book{udehn2002methodological,
  title={{Methodological Individualism: Background, History and Meaning}},
  author={Udehn, Lars},
  year={2002},
  publisher={Abingdon: Routledge}
}

@article{simon1955behavioral,
  title={{A Behavioral Model of Rational Choice}},
  author={Simon, Herbert A},
  journal={The Quarterly Journal of Economics},
  pages={99--118},
  year={1955},
  publisher={JSTOR}
}

@article{crawford1995grammar,
  title={{A Grammar of Institutions}},
  author={Crawford, Sue and Ostrom, Elinor},
  journal={American Political Science Review},
  volume={89},
  number={03},
  pages={582--600},
  year={1995},
  publisher={Cambridge Univ Press}
}

@article{elster1989social,
  title={{Social Norms and Economic Theory}},
  author={Elster, Jon},
  journal={The Journal of Economic Perspectives},
  volume={3},
  number={4},
  pages={99--117},
  year={1989},
  publisher={JSTOR}
}

@article{ostrom2014collective,
  title={{Collective Action and the Evolution of Social Norms}},
  author={Ostrom, Elinor},
  journal={Journal of Natural Resources Policy Research},
  volume={6},
  number={4},
  pages={235--252},
  year={2014},
  publisher={Taylor \& Francis}
}

@book{neumann1947theory,
  title={{Theory of Games and Economic Behavior}},
  author={Neumann, Ludwig Johann and Morgenstern, Oskar},
  year={1947},
  publisher={Princeton: Princeton University Press}
}

@article{friedman1948utility,
  title={{The Utility Analysis of Choices Involving Risk}},
  author={Friedman, Milton and Savage, Leonard J},
  journal={The Journal of Political Economy},
  pages={279--304},
  year={1948},
  publisher={JSTOR}
}

@article{roth2014prison,
  title={{Prison Gangs and the Community Responsibility System}},
  author={Roth, M Garrett and Skarbek, David},
  journal={Review of Behavioral Economics},
  volume={1},
  number={3},
  pages={223--243},
  year={2014}
}

@article{fong1990organizational,
  title={{The Organizational Structure of Prison Gangs: A Texas Case Study}},
  author={Fong, Robert S},
  journal={Federal Probation},
  volume={54},
  pages={36},
  year={1990},
  publisher={HeinOnline}
}

@article{pelz1991right,
  title={{Right-Wing Extremism in the Texas Prisons: The Rise and Fall of the Aryan Brotherhood of Texas}},
  author={Pelz, Mary E and Marquart, James W and Pelz, C Terry},
  journal={The Prison Journal},
  volume={71},
  number={2},
  pages={23--37},
  year={1991},
  publisher={SAGE Publications}
}

@article{hunt1993change,
  title={{Change in Prison Culture: Prison Gangs and the Case of the Pepsi Generation}},
  author={Hunt, Geoffrey and Riegel, Stephanie and Morales, Tomas and Waldorf, Dan},
  journal={Social Problems},
  volume={40},
  pages={398},
  year={1993},
  publisher={HeinOnline}
}

@article{powell2009public,
  title={{Public Choice and the Economic Analysis of Anarchy: A Survey}},
  author={Powell, Benjamin and Stringham, Edward P},
  journal={Public Choice},
  volume={140},
  number={3-4},
  pages={503--538},
  year={2009},
  publisher={Springer}
}

@book{stringham2005anarchy,
  title={{Anarchy, State and Public Choice}},
  author={Stringham, Edward},
  year={2005},
  publisher={Cheltenham: Edward Elgar}
}

@book{tullock1972explorations,
  title={{Explorations in the Theory of Anarchy}},
  author={Tullock, Gordon},
  year={1972},
  publisher={Blacksburg: Center for Study of Public Choice}
}

@book{tullock1974further,
  title={{Further Explorations in the Theory of Anarchy}},
  author={Tullock, Gordon},
  year={1974},
  publisher={Blacksburg: University Publications}
}

@article{leeson2007efficient,
  title={{Efficient Anarchy}},
  author={Leeson, Peter T},
  journal={Public Choice},
  volume={130},
  number={1-2},
  pages={41--53},
  year={2007},
  publisher={Springer}
}

@book{dixit2007lawlessness,
  title={{Lawlessness and Economics: Alternative Modes of Governance}},
  author={Dixit, Avinash K},
  year={2007},
  publisher={Princeton, NJ: Princeton University Press}
}

@book{buchanan1975limits,
  title={{The Limits of Liberty: Between Anarchy and Leviathan}},
  author={Buchanan, James M},
  year={1975},
  publisher={Chicago, IL: University of Chicago Press}
}

@article{leeson2007arrgh,
  title={{An-Arrgh-Chy: The Law and Economics of Pirate Organization}},
  author={Leeson, Peter T},
  journal={Journal of political economy},
  volume={115},
  number={6},
  pages={1049--1094},
  year={2007},
  publisher={JSTOR}
}

@article{leeson2009calculus,
  title={{The Calculus of Piratical Consent: The Myth of the Myth of Social Contract}},
  author={Leeson, Peter T},
  journal={Public Choice},
  volume={139},
  number={3-4},
  pages={443--459},
  year={2009},
  publisher={Springer}
}

@article{leeson2010pirational,
  title={{Pirational Choice: The Economics of Infamous Pirate Practices}},
  author={Leeson, Peter T},
  journal={Journal of Economic Behavior \& Organization},
  volume={76},
  number={3},
  pages={497--510},
  year={2010},
  publisher={Elsevier}
}

@article{leeson2009rationality,
  title={{Rationality, Pirates, and the Law: A Retrospective}},
  author={Leeson, Peter T},
  journal={American University Law Review},
  volume={59},
  pages={1219},
  year={2009},
  publisher={HeinOnline}
}

@book{stringham2015private,
  title={{Private Governance: Creating Order in Economic and Social Life}},
  author={Stringham, Edward Peter},
  year={2015},
  publisher={Oxford: Oxford University Press}
}

@book{friedman1989machinery,
  title={{The Machinery of Freedom: Guide to a Radical Capitalism}},
  author={Friedman, David D},
  year={1989},
  publisher={Chicago, IL: Open Court Publishing Company}
}

@book{leeson2009invisible,
  title={{The Invisible Hook: The Hidden Economics of Pirates}},
  author={Leeson, Peter T},
  year={2009},
  publisher={Princeton, NJ: Princeton University Press}
}

@article{de1990other,
  title={{The Other Path: The Invisible Revolution in the Third World}},
  author={De Soto, Hernando},
  year={1990},
  publisher={New York, NY: Perennial Library}
}

@book{greif2006institutions,
  title={{Institutions and the Path to the Modern Economy: Lessons from Medieval Trade}},
  author={Greif, Avner},
  year={2006},
  publisher={Cambridge: Cambridge University Press}
}

@book{lyman1989gangland,
  title={{Gangland: Drug Trafficking by Organized Criminals}},
  author={Lyman, Michael D},
  year={1989},
  publisher={Chicago, IL: Thomas Springfield}
}

@article{cruz2010central,
  title={{Central American Maras: From Youth Street Gangs to Transnational Protection Rackets}},
  author={Cruz, Jos{\'e} Miguel},
  journal={Global Crime},
  volume={11},
  number={4},
  pages={379--398},
  year={2010},
  publisher={Taylor \& Francis}
}

@article{wolf2010maras,
  title={{Maras Transnacionales: Origins and Transformations of Central American Street Gangs}},
  author={Wolf, Sonja},
  journal={Latin American Research Review},
  volume={45},
  number={1},
  pages={256--265},
  year={2010},
  publisher={Latin American Studies Association}
}

@book{trammell2012enforcing,
  title={{Enforcing the Convict Code: Violence and Prison Culture}},
  author={Trammell, Rebecca},
  year={2012},
  publisher={Boulder, CO: Lynne Rienner Publishers}
}

@article{trammell2009values,
  title={{Values, Rules, and Keeping the Peace: How Men Describe Order and the Inmate Code in California Prisons}},
  author={Trammell, Rebecca},
  journal={Deviant Behavior},
  volume={30},
  number={8},
  pages={746--771},
  year={2009},
  publisher={Taylor \& Francis}
}

@article{dias2009guerra,
  title={{Da Guerra {\`A} Gest{\~a}o: Trajet{\'o}ria do Primeiro Comando da Capital (PCC) nas Pris{\~o}es de S{\~a}o Paulo}},
  author={Dias, Camila Caldeira Nunes},
  journal={Revista Percurso},
  pages={79--96},
  year={2009}
}

@book{biondi2010junto,
  title={Junto e Misturado: Uma Etnografia do PCC},
  author={Biondi, Karina},
  year={2010},
  publisher={S{\~a}o Paulo: Editora Terceiro Nome}
}

@phdthesis{dias2011pulverizaccao,
  title={{Da Pulveriza{\c{c}}{\~a}o Ao Monop{\'o}lio da Viol{\^e}ncia: Expans{\~a}o e Consolida{\c{c}}{\~a}o do Primeiro Comando da Capital (PCC) no Sistema carcer{\'a}rio Paulista}},
  author={Dias, Camila Caldeira Nunes},
  year={2011},
  school={Universidade de S{\~a}o Paulo}
}

@article{marques2010liderancca,
  title={{``Lideran{\c{c}}a'',``Proceder'' e ``Igualdade'': Uma Etnografia das Rela{\c{c}}{\~o}es Pol{\'\i}ticas no Primeiro Comando da Capital}},
  author={Marques, Adalton},
  journal={Etnogr{\'a}fica},
  volume={14},
  number={2},
  pages={311--335},
  year={2010},
  publisher={CRIA}
}

@book{valentine2000gangs,
  title={{Gangs and Their Tattoos: Identifying Gangbangers on the Street and in Prison}},
  author={Valentine, Bill},
  year={2000},
  publisher={Boulder, CO: Paladin Press}
}

@book{kaminski2010games,
  title={{Games Prisoners Play: The Tragicomic Worlds of Polish Prison}},
  author={Kaminski, Marek M},
  year={2010},
  publisher={Princeton, NJ: Princeton University Press}
}

@article{kant1795ewigen,
  title={{Zum ewigen Frieden: Eine philosophische Entwurf}},
  author={Kant, Immanuel},
  journal={K{\"o}nigsberg: Friedrich Nocolovious},
  year={1795}
}

@article{crewe2006prison,
  title={{Prison Drug Dealing and the Ethnographic Lens}},
  author={Crewe, Ben},
  journal={The Howard Journal of Criminal Justice},
  volume={45},
  number={4},
  pages={347--368},
  year={2006},
  publisher={Wiley Online Library}
}

@article{carletti2004structure,
  title={{The Structure of Bank Relationships, Endogenous Monitoring, and Loan Rates}},
  author={Carletti, Elena},
  journal={Journal of Financial Intermediation},
  volume={13},
  number={1},
  pages={58--86},
  year={2004},
  publisher={Elsevier}
}

@article{jain2001monitoring,
  title={{Monitoring Costs and Trade Credit}},
  author={Jain, Neelam},
  journal={The Quarterly Review of Economics and Finance},
  volume={41},
  number={1},
  pages={89--110},
  year={2001},
  publisher={Elsevier}
}

@article{biais1997trade,
  title={{Trade Credit and Credit Rationing}},
  author={Biais, Bruno and Gollier, Christian},
  journal={Review of Financial Studies},
  volume={10},
  number={4},
  pages={903--937},
  year={1997},
  publisher={Soc Financial Studies}
}

@book{nozick1974anarchy,
  title={{Anarchy, State, and Utopia}},
  author={Nozick, Robert},
  year={1974},
  publisher={Hoboken, NJ: Wiley-Blackwell}
}

@article{mueller1988anarchy,
  title={{Anarchy, the Market, and the State}},
  author={Mueller, Dennis C},
  journal={Southern Economic Journal},
  pages={821--830},
  year={1988},
  publisher={JSTOR}
} 

@INCOLLECTION {bush1972individual,
    author    = "Bush, Winston",
    title     = {{Individual Welfare in Anarchy}},
    booktitle = {{Explorations in the Theory of Anarchy}},
    publisher = "Blacksburg: Center for Study of Public Choice",
    year      = "1972",
    editor    = "Tullock, Gordon",
    pages     = "5--18"
}

@INCOLLECTION {tullock1972edge,
    author    = "Tullock, Gordon",
    title     = {{The Edge of the Jungle}},
    booktitle = {{Explorations in the Theory of Anarchy}},
    publisher = "Blacksburg: Center for Study of Public Choice",
    year      = "1972",
    editor    = "Tullock, Gordon",
    pages     = "65--75"
}

@article{irwin1962thieves,
  title={{Thieves, Convicts and the Inmate Culture}},
  author={Irwin, John and Cressey, Donald R},
  journal={Social problems},
  volume={10},
  number={2},
  pages={142--155},
  year={1962},
  publisher={JSTOR}
}

@article{sykes1960inmate,
  title={{The Inmate Social System}},
  author={Sykes, Gresham M and Messinger, Sheldon L},
  journal={Theoretical Studies in Social Organization of the Prison},
  pages={5--19},
  year={1960},
  publisher={New York, NY: Social Science Research Council}
}

@book{jacobs1977stateville,
  title={{Stateville: The Penitentiary in Mass Society}},
  author={Jacobs, James B},
  year={1977},
  publisher={Chicago, IL: University of Chicago Press}
}

@article{gartzke2007capitalist,
  title={{The Capitalist Peace}},
  author={Gartzke, Erik},
  journal={American Journal of Political Science},
  volume={51},
  number={1},
  pages={166--191},
  year={2007},
  publisher={Wiley Online Library}
}

@book{levy2011causes,
  title={{Causes of War}},
  author={Levy, Jack S and Thompson, William R},
  year={2011},
  publisher={London: John Wiley \& Sons}
}

@book{freeman1999correctional,
  title={{Correctional Organization and Management: Public Policy Challenges, Behavior, and Structure}},
  author={Freeman, Robert M},
  year={1999},
  publisher={Boston, MA: Butterworth Heinemann}
}

@article{hua2005patterns,
  title={{The Patterns of Masculinity in Prison}},
  author={Hua-Fu, Hsu},
  journal={Critical Criminology},
  volume={13},
  number={1},
  pages={1--16},
  year={2005},
  publisher={Springer}
}

@book{irwin1970felon,
  title={{The Felon}},
  author={Irwin, John},
  year={1970},
  publisher={Englewood Cliffs, NJ: Prentice Hall}
}

@book{irwin1980prisons,
  title={{Prisons in Turmoil}},
  author={Irwin, John},
  year={1980},
  publisher={Boston, MA: Little, Brown}
}

@book{clemmer1940prison,
  title={{The Prison Community}},
  author={Clemmer, Donald},
  year={1940},
  publisher={New York, NY: Holt, Rinehart \& Winston}
}

@book{cole2013criminal,
  title={{Criminal Justice in America}},
  author={Cole, G.F. and Smith, C.E. and DeJong, C.},
  isbn={9781285067667},
  lccn={2012941552},
  url={https://books.google.co.uk/books?id=MT7TCQAAQBAJ},
  year={2013},
  publisher={Boston, MA: Cengage Learning}
}

@book{sykes1958society,
  title={{The Society of Captives: A Study of a Maximum Security Prison}},
  author={Sykes, Gresham M},
  year={1958},
  publisher={Princeton, NJ: Princeton University Press}
}

@book{sutherland1992principles,
  title={{Principles of Criminology}},
  author={Sutherland, Edwin Hardin and Cressey, Donald Ray and Luckenbill, David F},
  year={1992},
  publisher={Lanham, MD: Rowman \& Littlefield}
}

@article{mccorkle1954resocialization,
  title={{Resocialization Within Walls}},
  author={McCorkle, Lloyd W and Korn, Richard},
  journal={The Annals of the American Academy of Political and Social Science},
  pages={88--98},
  year={1954},
  publisher={JSTOR}
}

@article{copes2013accounting,
  title={{Accounting for Violations of the Convict Code}},
  author={Copes, Heith and Brookman, Fiona and Brown, Anastasia},
  journal={Deviant Behavior},
  volume={34},
  number={10},
  pages={841--858},
  year={2013},
  publisher={Taylor \& Francis}
}

@INCOLLECTION {crewe2005codes,
    author    = "Ben Crewe",
    title     = "Codes and Conventions: The Terms and Conditions of Contemporary Inmate Values",
    booktitle = "The Effects of Imprisonment",
    publisher = "Cullompton: Willan",
    year      = "2005",
    editor    = "Liebling, A and Maruna, S.",
    pages     = "177--208"
}

@INCOLLECTION {liebling2012prisonlife,
    author    = "Liebling, Alison and Crewe, Ben",
    title     = "Prison Life, Penal Power and Prison Effects",
    booktitle = "The Oxford Handbook of Criminology",
    publisher = "Cullompton: Willan",
    year      = "2012",
    editor    = "Maguire, M. and Morgan, R. M. and Reiner, R.",
    pages     = "895--927",
    edition   = "fifth"
}

@article{akers1977prisonization,
  title={{Prisonization in Five Countries: Type of Prison and Inmate Characteristics}},
  author={Akers, Ronald L and Hayner, Norman S and Gruninger, Werner},
  journal={Criminology},
  volume={14},
  number={4},
  pages={527--554},
  year={1977},
  publisher={Wiley Online Library}
}

@article{coquillette1998lex,
  title={{Lex Mercatoria and Legal Pluralism: A Late Thirteenth-Century Treatise and its Afterlife}},
  author={Coquillette, Daniel R and Basile, Mary Elizabeth and Bestor, Jane Fair and Donahue Jr, Charles},
  year={1998},
  publisher={Cambridge, MA: Ames Foundation}
}

@article{lando1985lex,
  title={{The Lex Mercatoria in International Commercial Arbitration}},
  author={Lando, Ole},
  journal={International and comparative law quarterly},
  volume={34},
  number={04},
  pages={747--768},
  year={1985},
  publisher={Cambridge Univ Press}
}

@article{winfree2002prisoner,
  title={{Prisoner Perspectives on Inmate Culture in New Mexico and New Zealand: A Descriptive Case Study}},
  author={Winfree, L Thomas and Newbold, Greg and Tubb, S Houston},
  journal={The Prison Journal},
  volume={82},
  number={2},
  pages={213--233},
  year={2002},
  publisher={Sage Publications}
}

@article{sirisutthidacha2014patterns,
  title={{Patterns of Inmate Subculture: A Qualitative Study of Thai Inmates}},
  author={Sirisutthidacha, Warissara and Tititampruk, Dittita},
  journal={International Journal of Criminal Justice Sciences},
  volume={9},
  number={1},
  pages={94},
  year={2014},
  publisher={International Journal of Cyber Criminology}
}

@article{mccorkle1995roots,
  title={{The Roots of Prison Violence: A Test of the Deprivation, Management, and ``Not-So-Total'' Institution Models}},
  author={McCorkle, Richard C and Miethe, Terance D and Drass, Kriss A},
  journal={Crime \& Delinquency},
  volume={41},
  number={3},
  pages={317--331},
  year={1995},
  publisher={Sage Publications}
}

@article{garofalo1985inmate,
  title={{The Inmate Subculture in Jails}},
  author={Garofalo, James and Clark, Richard D},
  journal={Criminal Justice and Behavior},
  volume={12},
  number={4},
  pages={415--434},
  year={1985},
  publisher={Sage Publications}
}

@book{thomas1977prison,
  title={{Prison Organization and Inmate Subcultures}},
  author={Thomas, Charles Wellington and Petersen, David M},
  year={1977},
  publisher={Indianapolis, IN: Bobbs-Merrill}
}

@article{schwartz1971pre,
  title={{Pre-Institutional Vs. Situational Influence in a Correctional Community}},
  author={Schwartz, Barry},
  journal={Journal of Criminal Law, Criminology and Police Science},
  volume={62},
  pages={532},
  year={1971},
  publisher={HeinOnline}
}

@article{marvell1994prison,
  title={{Prison Population Growth and Crime Reduction}},
  author={Marvell, Thomas B and Moody Jr, Carlisle E},
  journal={Journal of Quantitative Criminology},
  volume={10},
  number={2},
  pages={109--140},
  year={1994},
  publisher={Springer}
}

@article{blumstein1999population,
  title={{Population Growth in US Prisons, 1980--1996}},
  author={Blumstein, Alfred and Beck, Allen J},
  journal={Crime \& Justice},
  volume={26},
  pages={17},
  year={1999},
  publisher={HeinOnline}
}

@book{western2006punishment,
  title={{Punishment and Inequality in America}},
  author={Western, Bruce},
  year={2006},
  publisher={New York, NY: Russell Sage Foundation}
}

@article{jacobs1975stratification,
  title={{Stratification and Conflict Among Prison Inmates}},
  author={Jacobs, James B},
  journal={The Journal of Criminal Law and Criminology},
  volume={66},
  number={4},
  pages={476--482},
  year={1975},
  publisher={JSTOR}
}

@article{bowles1998moral,
  title={{The Moral Economy of Communities: Structured Populations and the Evolution of Pro-Social Norms}},
  author={Bowles, Samuel and Gintis, Herbert},
  journal={Evolution and Human Behavior},
  volume={19},
  number={1},
  pages={3--25},
  year={1998},
  publisher={Elsevier}
}

@article{shapiro1983premiums,
  title={{Premiums for High Quality Products as Returns to Reputations}},
  author={Shapiro, Carl},
  journal={The Quarterly Journal of Economics},
  pages={659--679},
  year={1983},
  publisher={JSTOR}
}

@book{cook2009whom,
  title={{Whom Can We Trust?: How Groups, Networks, and Institutions Make Trust Possible: How Groups, Networks, and Institutions Make Trust Possible}},
  author={Cook, Karen S and Levi, Margaret and Hardin, Russell},
  year={2009},
  publisher={New York, NY: Russell Sage Foundation}
}

@article{groves1977optimal,
  title={{Optimal Allocation of Public Goods: A Solution to the ``Free Rider'' Problem}},
  author={Groves, Theodore and Ledyard, John},
  journal={Econometrica},
  pages={783--809},
  year={1977},
  publisher={JSTOR}
}

@article{marwell1979experiments,
  title={{Experiments on the Provision of Public Goods: Resources, Interest, Group Size, and the Free-Rider Problem}},
  author={Marwell, Gerald and Ames, Ruth E},
  journal={American Journal of Sociology},
  pages={1335--1360},
  year={1979},
  publisher={JSTOR}
}

@article{samuelson1954pure,
  title={{The Pure Theory of Public Expenditure}},
  author={Samuelson, Paul},
  journal={The Review of Economics and Statistics},
  pages={387--389},
  year={1954},
  publisher={JSTOR}
}

@book{bass1975analysis,
  title={{An Analysis of the California Department of Corrections Work Furlough Program in Fiscal Year 1969--1970}},
  author={Bass, Richard A},
  number={57},
  year={1975},
  publisher={Sacramento, CA: California Department of Corrections}
}

@article{skarbek2010putting,
  title={{Putting the ``Con'' into Constitutions: The Economics of Prison Gangs}},
  author={Skarbek, David},
  journal={Journal of Law, Economics, and Organization},
  volume={26},
  number={2},
  pages={183--211},
  year={2010}
}

@book{varese2001russian,
  title={{The Russian Mafia: Private Protection in a New Market Economy}},
  author={Varese, Federico},
  year={2001},
  publisher={Oxford: Oxford University Press}
}

@article{fong1995blood,
  title={{Blood-In, Blood-Out: The Rationale Behind Defecting from Prison Gangs}},
  author={Fong, Robert S and Vogel, Ronald E and others},
  journal={Journal of Gang Research},
  volume={2},
  number={4},
  pages={45--51},
  year={1995}
}

@book{mendoza2005mexican,
  title={{Mexican Mafia: From Altar Boy to Hitman}},
  author={Mendoza, Ramon A},
  publisher={Corona, CA: Ken Whitley},
  year={2005}
}

@misc{fredman2013hatefactory,
author = {Fredman, Jackson},
title = {{The Hate Factory: A Glimpse into the Effects of the Prison Gang Subculture on Non-Violent Offenders}},
howpublished = "\href{http://opensiuc.lib.siu.edu/gs_rp/447/}{http://opensiuc.lib.siu.edu/gs_rp/447/}",
note = {(Accessed on 03/27/2016)},
year = {2013},
}

@article{huebner2007gangs,
  title={{Gangs, Guns, and Drugs: Recidivism Among Serious, Young offenders}},
  author={Huebner, Beth M and Varano, Sean P and Bynum, Timothy S},
  journal={Criminology \& Public Policy},
  volume={6},
  number={2},
  pages={187--221},
  year={2007},
  publisher={Wiley Online Library}
}

@article{olson2004relationship,
  title={{The Relationship Between Gang Membership and Inmate Recidivism}},
  author={Olson, David E and Dooley, Brendan and Kane, Candice M},
  journal={Research Bulletin},
  volume={2},
  number={12},
  pages={1--12},
  year={2004},
  publisher={Wiley Online Library}
}

@article{fleisher2001going,
  title={Going home, staying home: Integrating prison gang members into the community},
  author={Fleisher, Mark S and Decker, Scott H and Curry, GD},
  journal={Corrections Management Quarterly},
  volume={5},
  pages={65--77},
  year={2001},
  publisher={ASPEN}
}

@article{newman2012brown,
  title={{Brown v. Plata: Prison Overcrowding in California}},
  author={Newman, William J and Scott, Charles L},
  journal={Journal of the American Academy of Psychiatry and the Law Online},
  volume={40},
  number={4},
  pages={547--552},
  year={2012},
  publisher={Am Acad Psych Law}
}

@article{darke2013inmate,
  title={{Inmate Governance in Brazilian Prisons}},
  author={Darke, Sacha},
  journal={The Howard Journal of Criminal Justice},
  volume={52},
  number={3},
  pages={272--284},
  year={2013},
  publisher={Wiley Online Library}
}

@book{mariner1998behind,
  title={{Behind Bars in Brazil}},
  author={Mariner, Joanne and Cavallaro, James},
  year={1998},
  publisher={New York, NY: Human Rights Watch}
}

@article{pratt2008scandinavian,
  title={{Scandinavian Exceptionalism in an Era of Penal Excess Part I: The Nature and Roots of Scandinavian Exceptionalism}},
  author={Pratt, John},
  journal={British Journal of Criminology},
  volume={48},
  number={2},
  pages={119--137},
  year={2008},
  publisher={CCJS}
}

@article{muradyan2008california,
  title={{California's Response to Its Prison Overcrowding Crisis}},
  author={Muradyan, David},
  journal={McGeorge L. Rev.},
  volume={39},
  pages={482},
  year={2008},
  publisher={HeinOnline}
}

@article{olson1993dictatorship,
  title={{Dictatorship, Democracy, and Development}},
  author={Olson, Mancur},
  journal={American Political Science Review},
  volume={87},
  number={03},
  pages={567--576},
  year={1993}
}

@book{olson2000power,
  title={{Power and Prosperity: Outgrowing Communist and Capitalist Dictatorships}},
  author={Olson, Mancur},
  year={2000},
  publisher={New York, NY: Basic Books}
}

@book{rafael2013mexican,
  title={{The Mexican Mafia}},
  author={Rafael, Tony},
  year={2013},
  publisher={New York, NY: Encounter Books}
}

@article{langan2002recidivism,
  title={{Recidivism of Prisoners Released in 1994}},
  author={Langan, Patrick A and Levin, David J},
  journal={Federal Sentencing Reporter},
  volume={15},
  number={1},
  pages={58--65},
  year={2002},
  publisher={JSTOR}
}

@book{acemoglu2012nations,
  title={{Why Nations Fail: The Origins of Power, Prosperity, and Poverty}},
  author={Acemoglu, Daron and Robinson, James},
  year={2012},
  publisher={Danvers, MA: Crown Business}
}